@article{ghahramani15_probab_machin_learn_artif_intel,
  author =	 {Zoubin Ghahramani},
  title =	 {Probabilistic Machine Learning and Artificial
                  Intelligence},
  journal =	 {Nature},
  volume =	 521,
  number =	 7553,
  pages =	 {452-459},
  year =	 2015,
  doi =		 {10.1038/nature14541},
  url =		 {https://doi.org/10.1038/nature14541},
  DATE_ADDED =	 {Sat Mar 20 13:17:42 2021},
}

@inbook{ben-gal08_bayes_networ,
  DATE_ADDED =	 {Sat Mar 20 14:44:05 2021},
  author =	 {Irad Ben-Gal},
  booktitle =	 {Encyclopedia of Statistics in Quality and
                  Reliability},
  doi =		 {10.1002/9780470061572.eqr089},
  pages =	 {nil},
  publisher =	 {John Wiley \& Sons, Ltd},
  series =	 {Encyclopedia of Statistics in Quality and
                  Reliability},
  title =	 {Bayesian Networks},
  url =		 {https://doi.org/10.1002/9780470061572.eqr089},
  year =	 {2008},
}

@book{koller2009probabilistic,
  title={Probabilistic graphical models: principles and techniques},
  author={Koller, Daphne and Friedman, Nir},
  year={2009},
  publisher={MIT press}
}

  @Article{Larra_aga_2011,
  author       = {Larrañaga, P. and Moral, S.},
  title	       = {Probabilistic graphical models in artificial
                  intelligence},
  year	       = 2011,
  volume       = 11,
  number       = 2,
  month	       = {Mar},
  pages	       = {1511–1528},
  issn	       = {1568-4946},
  doi	       = {10.1016/j.asoc.2008.01.003},
  url	       = {http://dx.doi.org/10.1016/j.asoc.2008.01.003},
  journal      = {Applied Soft Computing},
  publisher    = {Elsevier BV}
}

@Article{Kl_s_2018,
  author       = {Kläs, Michael and Vollmer, Anna Maria},
  title	       = {Uncertainty in Machine Learning Applications: A
                  Practice-Driven Classification of Uncertainty},
  year	       = 2018,
  pages	       = {431–438},
  issn	       = {1611-3349},
  doi	       = {10.1007/978-3-319-99229-7_36},
  url	       = {http://dx.doi.org/10.1007/978-3-319-99229-7_36},
  isbn	       = 9783319986548,
  journal      = {Lecture Notes in Computer Science},
  publisher    = {Springer International Publishing}
}

@Article{Cowell_1998,
  author       = {Cowell, Robert},
  title	       = {Introduction to Inference for Bayesian Networks},
  year	       = 1998,
  pages	       = {9–26},
  doi	       = {10.1007/978-94-011-5014-9_1},
  url	       = {http://dx.doi.org/10.1007/978-94-011-5014-9_1},
  isbn	       = 9789401150149,
  journal      = {Learning in Graphical Models},
  publisher    = {Springer Netherlands}
}

@Article{Wasserkrug_all,
  author = 	 {Wasserkrug, Segev and Radu, Marinescu and Zeltyn, Sergey and Shindin, Evgeny and Feldman, Yishai},
  title = 	 {Learning the Parameters of Bayesian Networks from Uncertain Data},
  year = 	 2021,
}

@Article{Mrad_2015,
  author       = {Mrad, Ali Ben and Delcroix, Véronique and
                  Piechowiak, Sylvain and Leicester, Philip and Abid,
                  Mohamed},
  title	       = {An explication of uncertain evidence in Bayesian
                  networks: likelihood evidence and probabilistic
                  evidence},
  year	       = 2015,
  volume       = 43,
  number       = 4,
  month	       = {Jun},
  pages	       = {802–824},
  issn	       = {1573-7497},
  doi	       = {10.1007/s10489-015-0678-6},
  url	       = {http://dx.doi.org/10.1007/s10489-015-0678-6},
  journal      = {Applied Intelligence},
  publisher    = {Springer Science and Business Media LLC}
}


@Article{Masegosa_2016,
  author       = {Masegosa, Andrés R. and Feelders, Ad J. and van der
                  Gaag, Linda C.},
  title	       = {Learning from incomplete data in Bayesian networks
                  with qualitative influences},
  year	       = 2016,
  volume       = 69,
  month	       = {Feb},
  pages	       = {18–34},
  issn	       = {0888-613X},
  doi	       = {10.1016/j.ijar.2015.11.004},
  url	       = {http://dx.doi.org/10.1016/j.ijar.2015.11.004},
  journal      = {International Journal of Approximate Reasoning},
  publisher    = {Elsevier BV}
}



@Article{Cooper_1990,
  author       = {Cooper, Gregory F.},
  title	       = {The computational complexity of probabilistic
                  inference using bayesian belief networks},
  year	       = 1990,
  volume       = 42,
  number       = {2-3},
  month	       = {Mar},
  pages	       = {393–405},
  issn	       = {0004-3702},
  doi	       = {10.1016/0004-3702(90)90060-d},
  url	       = {http://dx.doi.org/10.1016/0004-3702(90)90060-d},
  journal      = {Artificial Intelligence},
  publisher    = {Elsevier BV}
}

@Article{Dagum_1993,
  author       = {Dagum, Paul and Luby, Michael},
  title	       = {Approximating probabilistic inference in Bayesian
                  belief networks is NP-hard},
  year	       = 1993,
  volume       = 60,
  number       = 1,
  month	       = {Mar},
  pages	       = {141–153},
  issn	       = {0004-3702},
  doi	       = {10.1016/0004-3702(93)90036-b},
  url	       = {http://dx.doi.org/10.1016/0004-3702(93)90036-b},
  journal      = {Artificial Intelligence},
  publisher    = {Elsevier BV}
}


@Article{Valtorta_2002,
  author       = {Valtorta, Marco and Kim, Young-Gyun and Vomlel,
                  Jiří},
  title	       = {Soft evidential update for probabilistic multiagent
                  systems},
  year	       = 2002,
  volume       = 29,
  number       = 1,
  month	       = {Jan},
  pages	       = {71–106},
  issn	       = {0888-613X},
  doi	       = {10.1016/s0888-613x(01)00056-1},
  url	       = {http://dx.doi.org/10.1016/s0888-613x(01)00056-1},
  journal      = {International Journal of Approximate Reasoning},
  publisher    = {Elsevier BV}
}


@article{ruud1989comparison,
  title={A Comparison of the EM and Newton-Raphson Algorithms},
  author={Ruud, Paul A},
  year={1989}
}

@article{storvik2007numerical,
  title={Numerical optimization of likelihoods: Additional literature for STK1120},
  author={Storvik, Geir},
  year={2007}
}


@Article{Louis_1982,
  author       = {Louis, Thomas A.},
  title	       = {Finding the Observed Information Matrix When Using
                  theEMAlgorithm},
  year	       = 1982,
  volume       = 44,
  number       = 2,
  month	       = {Jan},
  pages	       = {226–233},
  issn	       = {0035-9246},
  doi	       = {10.1111/j.2517-6161.1982.tb01203.x},
  url	       =
                  {http://dx.doi.org/10.1111/j.2517-6161.1982.tb01203.x},
  journal      = {Journal of the Royal Statistical Society: Series B
                  (Methodological)},
  publisher    = {Wiley}
}




@Article{Frey_2005,
  author       = {Frey, B.J. and Jojic, N.},
  title	       = {A comparison of algorithms for inference and
                  learning in probabilistic graphical models},
  year	       = 2005,
  volume       = 27,
  number       = 9,
  month	       = {Sep},
  pages	       = {1392–1416},
  issn	       = {0162-8828},
  doi	       = {10.1109/tpami.2005.169},
  url	       = {http://dx.doi.org/10.1109/tpami.2005.169},
  journal      = {IEEE Transactions on Pattern Analysis and Machine
                  Intelligence},
  publisher    = {Institute of Electrical and Electronics Engineers
                  (IEEE)}
}


@Article{Myung_2003,
  author       = {Myung, In Jae},
  title	       = {Tutorial on maximum likelihood estimation},
  year	       = 2003,
  volume       = 47,
  number       = 1,
  month	       = {Feb},
  pages	       = {90–100},
  issn	       = {0022-2496},
  doi	       = {10.1016/s0022-2496(02)00028-7},
  url	       = {http://dx.doi.org/10.1016/s0022-2496(02)00028-7},
  journal      = {Journal of Mathematical Psychology},
  publisher    = {Elsevier BV}
}


@Article{Smith_2001,
  author       = {Smith, José M Bernardo and Adrian F M},
  title	       = {Bayesian Theory},
  year	       = 2001,
  volume       = 12,
  number       = 2,
  month	       = {Jan},
  pages	       = {221–222},
  issn	       = {1361-6501},
  doi	       = {10.1088/0957-0233/12/2/702},
  url	       = {http://dx.doi.org/10.1088/0957-0233/12/2/702},
  journal      = {Measurement Science and Technology},
  publisher    = {IOP Publishing}
}


@book{pearl2014probabilistic,
  title={Probabilistic reasoning in intelligent systems: networks of
                  plausible inference},
  author={Pearl, Judea},
  year={2014},
  publisher={Elsevier}
}

@Article{PENG_2010,
  author       = {PENG, YUN and ZHANG, SHENYONG and PAN, RONG},
  title	       = {BAYESIAN NETWORK REASONING WITH UNCERTAIN EVIDENCES},
  year	       = 2010,
  volume       = 18,
  number       = 05,
  month	       = {Oct},
  pages	       = {539–564},
  issn	       = {1793-6411},
  doi	       = {10.1142/s0218488510006696},
  url	       = {http://dx.doi.org/10.1142/s0218488510006696},
  journal      = {International Journal of Uncertainty, Fuzziness and
                  Knowledge-Based Systems},
  publisher    = {World Scientific Pub Co Pte Lt}
}

@book{jeffrey1990logic,
  title={The logic of decision},
  author={Jeffrey, Richard C},
  year={1990},
  publisher={University of Chicago press}
}



@Article{Chan_2005,
  author       = {Chan, Hei and Darwiche, Adnan},
  title	       = {On the revision of probabilistic beliefs using
                  uncertain evidence},
  year	       = 2005,
  volume       = 163,
  number       = 1,
  month	       = {Mar},
  pages	       = {67–90},
  issn	       = {0004-3702},
  doi	       = {10.1016/j.artint.2004.09.005},
  url	       = {http://dx.doi.org/10.1016/j.artint.2004.09.005},
  journal      = {Artificial Intelligence},
  publisher    = {Elsevier BV}
}



@Article{PENG_2010,
  author       = {PENG, YUN and ZHANG, SHENYONG and PAN, RONG},
  title	       = {BAYESIAN NETWORK REASONING WITH UNCERTAIN EVIDENCES},
  year	       = 2010,
  volume       = 18,
  number       = 05,
  month	       = {Oct},
  pages	       = {539–564},
  issn	       = {1793-6411},
  doi	       = {10.1142/s0218488510006696},
  url	       = {http://dx.doi.org/10.1142/s0218488510006696},
  journal      = {International Journal of Uncertainty, Fuzziness and
                  Knowledge-Based Systems},
  publisher    = {World Scientific Pub Co Pte Lt}
}


@article{barndorff1978hyperbolic,
  title={Hyperbolic distributions and distributions on hyperbolae},
  author={Barndorff-Nielsen, Ole},
  journal={Scandinavian Journal of statistics},
  pages={151--157},
  year={1978},
  publisher={JSTOR}
}

@book{lauritzen1996graphical,
  title={Graphical models},
  author={Lauritzen, Steffen L},
  volume={17},
  year={1996},
  publisher={Clarendon Press}
}


@incollection{geiger1998asymptotic,
  title={Asymptotic model selection for directed networks with hidden variables},
  author={Geiger, Dan and Heckerman, David and Meek, Christopher},
  booktitle={Learning in Graphical Models},
  pages={461--477},
  year={1998},
  publisher={Springer}
}


@book{schlaifer1961applied,
  title={Applied statistical decision theory},
  author={Schlaifer, Robert and Raiffa, Howard},
  year={1961}
}

@article{fink1997compendium,
  title={A compendium of conjugate priors},
  author={Fink, Daniel},
  journal={See http://www. people. cornell. edu/pages/df36/CONJINTRnew\% 20TEX. pdf},
  volume={46},
  year={1997},
  publisher={Citeseer}
}

@article{wright1921correlation,
  title={Correlation and causation},
  author={Wright, Sewall},
  journal={J. agric. Res.},
  volume={20},
  pages={557--580},
  year={1921}
}

@article{pearl2011bayesian,
  title={Bayesian networks},
  author={Pearl, Judea},
  year={2011}
}


@article{pearl1987evidential,
  title={Evidential reasoning using stochastic simulation of causal models},
  author={Pearl, Judea},
  journal={Artificial Intelligence},
  volume={32},
  number={2},
  pages={245--257},
  year={1987},
  publisher={Elsevier}
}


@article{jordan1999introduction,
  title={An introduction to variational methods for graphical models},
  author={Jordan, Michael I and Ghahramani, Zoubin and Jaakkola, Tommi S and Saul, Lawrence K},
  journal={Machine learning},
  volume={37},
  number={2},
  pages={183--233},
  year={1999},
  publisher={Springer}
}

@article{spiegelhalter1990sequential,
  title={Sequential updating of conditional probabilities on directed graphical structures},
  author={Spiegelhalter, David J and Lauritzen, Steffen L},
  journal={Networks},
  volume={20},
  number={5},
  pages={579--605},
  year={1990},
  publisher={Wiley Online Library}
}

@article{syversveen1998noninformative,
  title={Noninformative bayesian priors. interpretation and problems with construction and applications},
  author={Syversveen, Anne Randi},
  journal={Preprint statistics},
  volume={3},
  number={3},
  pages={1--11},
  year={1998}
}


@article{csiszar1975divergence,
  title={I-divergence geometry of probability distributions and minimization problems},
  author={Csisz{\'a}r, Imre},
  journal={The annals of probability},
  pages={146--158},
  year={1975},
  publisher={JSTOR}
}

@article{buntine1993tree,
  title={Tree classification software},
  author={Buntine, Wray},
  year={1993}
}


@article{heckerman1995learning,
  title={Learning Bayesian networks: The combination of knowledge and statistical data},
  author={Heckerman, David and Geiger, Dan and Chickering, David M},
  journal={Machine learning},
  volume={20},
  number={3},
  pages={197--243},
  year={1995},
  publisher={Springer}
}


@article{dempster1977maximum,
  title={Maximum likelihood from incomplete data via the EM algorithm},
  author={Dempster, Arthur P and Laird, Nan M and Rubin, Donald B},
  journal={Journal of the Royal Statistical Society: Series B (Methodological)},
  volume={39},
  number={1},
  pages={1--22},
  year={1977},
  publisher={Wiley Online Library}
}


@article{rubin1976inference,
  title={Inference and missing data},
  author={Rubin, Donald B},
  journal={Biometrika},
  volume={63},
  number={3},
  pages={581--592},
  year={1976},
  publisher={Oxford University Press}
}

@article{little1976inference,
  title={Inference about means from incomplete multivariate data},
  author={Little, Roderick JA},
  journal={Biometrika},
  volume={63},
  number={3},
  pages={593--604},
  year={1976},
  publisher={Oxford University Press}
}

@article{lauritzen1995algorithm,
  title={The EM algorithm for graphical association models with missing data},
  author={Lauritzen, Steffen L},
  journal={Computational Statistics \& Data Analysis},
  volume={19},
  number={2},
  pages={191--201},
  year={1995},
  publisher={Elsevier}
}

@article{shafer1990probability,
  title={Probability propagation},
  author={Shafer, Glenn R and Shenoy, Prakash P},
  journal={Annals of mathematics and Artificial Intelligence},
  volume={2},
  number={1},
  pages={327--351},
  year={1990},
  publisher={Springer}
}


@article{meng2016method,
  title={Method for computation of the fisher information matrix in the Expectation-Maximization algorithm},
  author={Meng, Lingyao},
  journal={arXiv preprint arXiv:1608.01734},
  year={2016}
}